<record><leader>00000cas a2200000 a 4500</leader><controlfield tag="001">9703680</controlfield><controlfield tag="008">830714d18431856nyudn ne      0    0eng c</controlfield><datafield ind1=" " ind2=" " tag="010"><subfield code="a">sn 83030897 </subfield></datafield><datafield ind1=" " ind2=" " tag="040"><subfield code="a">NPU</subfield><subfield code="b">eng</subfield><subfield code="c">NPU</subfield><subfield code="d">DLC</subfield><subfield code="d">NPA</subfield><subfield code="d">NPX</subfield><subfield code="d">NPU</subfield><subfield code="d">NYG</subfield><subfield code="d">NYS</subfield><subfield code="d">KNP</subfield><subfield code="d">YOX</subfield><subfield code="d">NYS</subfield><subfield code="d">OCL</subfield><subfield code="d">CRL</subfield><subfield code="d">DLC</subfield><subfield code="d">KRTAS</subfield><subfield code="d">DLC</subfield><subfield code="d">OCLCQ</subfield><subfield code="d">OCLCF</subfield></datafield><datafield ind1="1" ind2=" " tag="029"><subfield code="a">AU@</subfield><subfield code="b">000020293656</subfield></datafield><datafield ind1=" " ind2=" " tag="042"><subfield code="a">pcc</subfield></datafield><datafield ind1=" " ind2=" " tag="043"><subfield code="a">n-us-ny</subfield></datafield><datafield ind1="0" ind2="0" tag="050"><subfield code="a">Newspaper</subfield></datafield><datafield ind1="0" ind2=" " tag="130"><subfield code="a">Albany evening Atlas (Albany, N.Y. : 1843)</subfield></datafield><datafield ind1="1" ind2="0" tag="245"><subfield code="a">Albany evening Atlas.</subfield></datafield><datafield ind1="1" ind2="3" tag="246"><subfield code="a">Albany Atlas</subfield></datafield><datafield ind1="1" ind2="3" tag="246"><subfield code="a">Evening Atlas</subfield></datafield><datafield ind1="1" ind2="3" tag="246"><subfield code="a">Democrat --- extra</subfield></datafield><datafield ind1=" " ind2=" " tag="260"><subfield code="a">Albany [N.Y.] :</subfield><subfield code="b">French &amp; Cassidy,</subfield><subfield code="c">1843-1856.</subfield></datafield><datafield ind1=" " ind2=" " tag="300"><subfield code="a">12 v. ;</subfield><subfield code="c">50 cm.</subfield></datafield><datafield ind1=" " ind2=" " tag="310"><subfield code="a">Daily (except Sunday)</subfield></datafield><datafield ind1="0" ind2=" " tag="362"><subfield code="a">Vol. 3, no. 777 (Mar. 27, 1843)-v. 14, no. 4169 (Feb. 16, 1856).</subfield></datafield><datafield ind1=" " ind2=" " tag="500"><subfield code="a">"Evening" appears within title ornament, &lt;1845&gt;-Oct. 3, 1853.</subfield></datafield><datafield ind1=" " ind2=" " tag="500"><subfield code="a">Publishers: James M. French &amp; William Cassidy, &lt;1843&gt;-1846; Henry H. Van Dyck, 1846-Feb. 16, 1856.</subfield></datafield><datafield ind1=" " ind2=" " tag="500"><subfield code="a">"Democratic."</subfield></datafield><datafield ind1=" " ind2=" " tag="500"><subfield code="a">Editors: Henry H. Van Dyck and William Cassidy, 1846-Feb. 16, 1856.</subfield></datafield><datafield ind1=" " ind2=" " tag="515"><subfield code="a">No paper issued June 30, 1845.</subfield></datafield><datafield ind1=" " ind2=" " tag="530"><subfield code="a">Also issued on microfilm from the New York State Library.</subfield></datafield><datafield ind1=" " ind2=" " tag="580"><subfield code="a">Semiweekly eds.: Albany Atlas (Albany, N.Y. : Semiweekly), 1844-1853; Semi-weekly Atlas (Albany, N.Y.), 1853-1853; Albany semi-weekly Atlas, 1853-1856.</subfield></datafield><datafield ind1=" " ind2=" " tag="580"><subfield code="a">Weekly eds.: Albany Atlas (Albany, N.Y. : 1843), 1843-1843; Albany weekly Atlas (Albany, N.Y. : 1843), 1843-1846; Weekly Atlas (Albany, N.Y.), 1846-1852; Albany Atlas (Albany, N.Y. : 1852), 1852-1853; Albany weekly Atlas (Albany, N.Y. : 1853), 1853-1856.</subfield></datafield><datafield ind1=" " ind2="0" tag="651"><subfield code="a">Albany (N.Y.)</subfield><subfield code="v">Newspapers.</subfield></datafield><datafield ind1=" " ind2="0" tag="651"><subfield code="a">Albany County (N.Y.)</subfield><subfield code="v">Newspapers.</subfield></datafield><datafield ind1=" " ind2="7" tag="655"><subfield code="a">Newspapers.</subfield><subfield code="2">fast</subfield><subfield code="0">(OCoLC)fst01423814</subfield></datafield><datafield ind1=" " ind2="7" tag="651"><subfield code="a">New York (State)</subfield><subfield code="z">Albany.</subfield><subfield code="2">fast</subfield><subfield code="0">(OCoLC)fst01225716</subfield></datafield><datafield ind1=" " ind2="7" tag="651"><subfield code="a">New York (State)</subfield><subfield code="z">Albany County.</subfield><subfield code="2">fast</subfield><subfield code="0">(OCoLC)fst01210357</subfield></datafield><datafield ind1=" " ind2=" " tag="752"><subfield code="a">United States</subfield><subfield code="b">New York</subfield><subfield code="c">Albany</subfield><subfield code="d">Albany.</subfield></datafield><datafield ind1="1" ind2=" " tag="775"><subfield code="t">Albany Atlas (Albany, N.Y. : Semiweekly)</subfield><subfield code="w">(DLC)sn 83030898</subfield><subfield code="w">(OCoLC)2257130</subfield></datafield><datafield ind1="1" ind2=" " tag="775"><subfield code="t">Semi-weekly Atlas (Albany, N.Y.)</subfield><subfield code="w">(DLC)sn 88074262</subfield><subfield code="w">(OCoLC)18102635</subfield></datafield><datafield ind1="1" ind2=" " tag="775"><subfield code="t">Albany semi-weekly Atlas</subfield><subfield code="w">(DLC)sn 83030899</subfield><subfield code="w">(OCoLC)9703883</subfield></datafield><datafield ind1="1" ind2=" " tag="775"><subfield code="t">Albany Atlas (Albany, N.Y. : 1843)</subfield><subfield code="w">(DLC)sn 84035810</subfield><subfield code="w">(OCoLC)11517159</subfield></datafield><datafield ind1="1" ind2=" " tag="775"><subfield code="t">Albany weekly Atlas (Albany, N.Y. : 1843)</subfield><subfield code="w">(DLC)sn 85054116</subfield><subfield code="w">(OCoLC)11593866</subfield></datafield><datafield ind1="1" ind2=" " tag="775"><subfield code="t">Weekly Atlas (Albany, N.Y.)</subfield><subfield code="w">(DLC)sn 83030900</subfield><subfield code="w">(OCoLC)9703948</subfield></datafield><datafield ind1="1" ind2=" " tag="775"><subfield code="t">Albany Atlas (Albany, N.Y. : 1852)</subfield><subfield code="w">(DLC)sn 86053051</subfield><subfield code="w">(OCoLC)13056166</subfield></datafield><datafield ind1="1" ind2=" " tag="775"><subfield code="t">Albany weekly Atlas (Albany, N.Y. : 1853)</subfield><subfield code="w">(DLC)sn 83030901</subfield><subfield code="w">(OCoLC)9704074</subfield></datafield><datafield ind1="0" ind2=" " tag="775"><subfield code="t">Campaign Atlas</subfield><subfield code="w">(DLC)sn 91066277</subfield><subfield code="w">(OCoLC)23954222</subfield></datafield><datafield ind1="0" ind2="0" tag="780"><subfield code="t">Albany morning Atlas (Albany, N.Y. : 1841)</subfield><subfield code="w">(DLC)sn 86079121</subfield><subfield code="w">(OCoLC)13352874</subfield></datafield><datafield ind1="0" ind2="7" tag="785"><subfield code="t">Daily Albany Argus</subfield><subfield code="w">(DLC)sn 83045590</subfield><subfield code="w">(OCoLC)2260077</subfield></datafield><datafield ind1="0" ind2="7" tag="785"><subfield code="t">Atlas &amp; Argus (Albany, N.Y. : Daily)</subfield><subfield code="w">(DLC)sn 83045591</subfield><subfield code="w">(OCoLC)9626296</subfield></datafield><datafield ind1=" " ind2=" " tag="938"><subfield code="a">Kirtas Technologies, Inc.</subfield><subfield code="b">KRTS</subfield><subfield code="n">737086</subfield></datafield></record>